<?xml version="1.0" encoding="UTF-8"?>
  <record xmlns="http://www.loc.gov/MARC21/slim" type="Bibliographic">
    <leader>00000pam a2200000 c 4500</leader>
    <controlfield tag="001">1181238722</controlfield>
    <controlfield tag="003">DE-101</controlfield>
    <controlfield tag="005">20191101223240.0</controlfield>
    <controlfield tag="007">tu</controlfield>
    <controlfield tag="008">190320s2019    gw ||||| |||| 00||||ger  </controlfield>
    <datafield tag="015" ind1=" " ind2=" ">
      <subfield code="a">19,A45</subfield>
      <subfield code="z">19,N13</subfield>
      <subfield code="2">dnb</subfield>
    </datafield>
    <datafield tag="016" ind1="7" ind2=" ">
      <subfield code="2">DE-101</subfield>
      <subfield code="a">1181238722</subfield>
    </datafield>
    <datafield tag="020" ind1=" " ind2=" ">
      <subfield code="a">9783328105084</subfield>
      <subfield code="c">Broschur : circa EUR 10.00 (DE), circa EUR 10.30 (AT), circa CHF 14.50 (freier Preis)</subfield>
      <subfield code="9">978-3-328-10508-4</subfield>
    </datafield>
    <datafield tag="020" ind1=" " ind2=" ">
      <subfield code="a">3328105085</subfield>
      <subfield code="9">3-328-10508-5</subfield>
    </datafield>
    <datafield tag="024" ind1="3" ind2=" ">
      <subfield code="a">9783328105084</subfield>
    </datafield>
    <datafield tag="035" ind1=" " ind2=" ">
      <subfield code="a">(DE-599)DNB1181238722</subfield>
    </datafield>
    <datafield tag="035" ind1=" " ind2=" ">
      <subfield code="a">(OCoLC)1090771415</subfield>
    </datafield>
    <datafield tag="040" ind1=" " ind2=" ">
      <subfield code="a">1245</subfield>
      <subfield code="b">ger</subfield>
      <subfield code="c">DE-101</subfield>
      <subfield code="d">9999</subfield>
      <subfield code="e">rda</subfield>
    </datafield>
    <datafield tag="041" ind1=" " ind2=" ">
      <subfield code="a">ger</subfield>
      <subfield code="h">swe</subfield>
    </datafield>
    <datafield tag="044" ind1=" " ind2=" ">
      <subfield code="c">XA-DE-BY</subfield>
    </datafield>
    <datafield tag="082" ind1="7" ind2="4">
      <subfield code="a">839</subfield>
      <subfield code="a">B</subfield>
      <subfield code="q">DE-101</subfield>
      <subfield code="2">23sdnb</subfield>
    </datafield>
    <datafield tag="090" ind1=" " ind2=" ">
      <subfield code="a">b</subfield>
    </datafield>
    <datafield tag="100" ind1="1" ind2=" ">
      <subfield code="0">(DE-588)139711252</subfield>
      <subfield code="0">https://d-nb.info/gnd/139711252</subfield>
      <subfield code="0">(DE-101)139711252</subfield>
      <subfield code="a">Jonasson, Jonas</subfield>
      <subfield code="d">1961-</subfield>
      <subfield code="e">Verfasser</subfield>
      <subfield code="4">aut</subfield>
      <subfield code="2">gnd</subfield>
    </datafield>
    <datafield tag="240" ind1="1" ind2="0">
      <subfield code="0">(DE-588)1166998126</subfield>
      <subfield code="0">https://d-nb.info/gnd/1166998126</subfield>
      <subfield code="0">(DE-101)1166998126</subfield>
      <subfield code="a">Hundraettåringen som tänkte att han tänkte för mycket</subfield>
      <subfield code="2">gnd</subfield>
    </datafield>
    <datafield tag="245" ind1="1" ind2="0">
      <subfield code="a">&#152;Der&#156; Hundertjährige, der zurückkam, um die Welt zu retten</subfield>
      <subfield code="b">Roman</subfield>
      <subfield code="c">Jonas Jonasson ; aus dem Schwedischen von Wibke Kuhn</subfield>
    </datafield>
    <datafield tag="250" ind1=" " ind2=" ">
      <subfield code="a">1. Auflage</subfield>
    </datafield>
    <datafield tag="259" ind1=" " ind2=" ">
      <subfield code="a">11</subfield>
    </datafield>
    <datafield tag="264" ind1=" " ind2="1">
      <subfield code="a">München</subfield>
      <subfield code="b">Penguin Verlag</subfield>
      <subfield code="c">2019</subfield>
    </datafield>
    <datafield tag="300" ind1=" " ind2=" ">
      <subfield code="a">462 Seiten</subfield>
      <subfield code="c">19 cm</subfield>
    </datafield>
    <datafield tag="336" ind1=" " ind2=" ">
      <subfield code="a">Text</subfield>
      <subfield code="b">txt</subfield>
      <subfield code="2">rdacontent</subfield>
    </datafield>
    <datafield tag="337" ind1=" " ind2=" ">
      <subfield code="a">ohne Hilfsmittel zu benutzen</subfield>
      <subfield code="b">n</subfield>
      <subfield code="2">rdamedia</subfield>
    </datafield>
    <datafield tag="338" ind1=" " ind2=" ">
      <subfield code="a">Band</subfield>
      <subfield code="b">nc</subfield>
      <subfield code="2">rdacarrier</subfield>
    </datafield>
    <datafield tag="653" ind1=" " ind2=" ">
      <subfield code="a">(Produktform)Paperback / softback</subfield>
    </datafield>
    <datafield tag="653" ind1=" " ind2=" ">
      <subfield code="a">Feel-Good-Roman</subfield>
    </datafield>
    <datafield tag="653" ind1=" " ind2=" ">
      <subfield code="a">Allan Karlsson</subfield>
    </datafield>
    <datafield tag="653" ind1=" " ind2=" ">
      <subfield code="a">Schelmenroman</subfield>
    </datafield>
    <datafield tag="653" ind1=" " ind2=" ">
      <subfield code="a">Spiegel Bestseller</subfield>
    </datafield>
    <datafield tag="653" ind1=" " ind2=" ">
      <subfield code="a">Angela Merkel</subfield>
    </datafield>
    <datafield tag="653" ind1=" " ind2=" ">
      <subfield code="a">Der Hundertjährige, der aus dem Fenster stieg</subfield>
    </datafield>
    <datafield tag="653" ind1=" " ind2=" ">
      <subfield code="a">Nordkorea</subfield>
    </datafield>
    <datafield tag="653" ind1=" " ind2=" ">
      <subfield code="a">Die Analphabetin, die rechnen konnte</subfield>
    </datafield>
    <datafield tag="653" ind1=" " ind2=" ">
      <subfield code="a">Mörder Anders</subfield>
    </datafield>
    <datafield tag="653" ind1=" " ind2=" ">
      <subfield code="a">Spiegel Bestseller Autor</subfield>
    </datafield>
    <datafield tag="653" ind1=" " ind2=" ">
      <subfield code="a">(VLB-WN)2110: Taschenbuch / Belletristik/Erzählende Literatur</subfield>
    </datafield>
    <datafield tag="653" ind1=" " ind2=" ">
      <subfield code="a">(BISAC Subject Heading)FIC000000</subfield>
    </datafield>
    <datafield tag="653" ind1=" " ind2=" ">
      <subfield code="a">Weltbestseller</subfield>
    </datafield>
    <datafield tag="653" ind1=" " ind2=" ">
      <subfield code="a">(Produktgruppe)7221: Belletristik</subfield>
    </datafield>
    <datafield tag="655" ind1=" " ind2="7">
      <subfield code="0">(DE-101)1010789759</subfield>
      <subfield code="a">Erzählende Literatur</subfield>
      <subfield code="2">gatbeg</subfield>
    </datafield>
    <datafield tag="700" ind1="1" ind2=" ">
      <subfield code="0">(DE-588)136826059</subfield>
      <subfield code="0">https://d-nb.info/gnd/136826059</subfield>
      <subfield code="0">(DE-101)136826059</subfield>
      <subfield code="a">Kuhn, Wibke</subfield>
      <subfield code="d">1972-</subfield>
      <subfield code="e">Übersetzer</subfield>
      <subfield code="4">trl</subfield>
      <subfield code="2">gnd</subfield>
    </datafield>
    <datafield tag="776" ind1="0" ind2="8">
      <subfield code="i">Erscheint auch als</subfield>
      <subfield code="n">Druck-Ausgabe</subfield>
      <subfield code="z">9783570103555</subfield>
    </datafield>
    <datafield tag="776" ind1="0" ind2="8">
      <subfield code="i">Erscheint auch als</subfield>
      <subfield code="n">Online-Ausgabe</subfield>
      <subfield code="z">9783641231286</subfield>
    </datafield>
    <datafield tag="776" ind1="0" ind2="8">
      <subfield code="i">Erscheint auch als</subfield>
      <subfield code="n">Tonträger-Ausgabe</subfield>
      <subfield code="z">9783844530285</subfield>
    </datafield>
    <datafield tag="776" ind1="0" ind2="8">
      <subfield code="i">Erscheint auch als</subfield>
      <subfield code="z">9783844530780</subfield>
    </datafield>
    <datafield tag="776" ind1="0" ind2="8">
      <subfield code="i">Erscheint auch als</subfield>
      <subfield code="z">9783844530797</subfield>
    </datafield>
    <datafield tag="776" ind1="0" ind2="8">
      <subfield code="i">Erscheint auch als</subfield>
      <subfield code="z">9783844537093</subfield>
    </datafield>
    <datafield tag="787" ind1="0" ind2=" ">
      <subfield code="i">In Beziehung stehende Ressource</subfield>
      <subfield code="z">9783328100157</subfield>
    </datafield>
    <datafield tag="787" ind1="0" ind2=" ">
      <subfield code="i">In Beziehung stehende Ressource</subfield>
      <subfield code="z">9783328101826</subfield>
    </datafield>
    <datafield tag="787" ind1="0" ind2=" ">
      <subfield code="i">In Beziehung stehende Ressource</subfield>
      <subfield code="z">9783328102366</subfield>
    </datafield>
    <datafield tag="787" ind1="0" ind2=" ">
      <subfield code="i">In Beziehung stehende Ressource</subfield>
      <subfield code="z">9783570103555</subfield>
    </datafield>
    <datafield tag="787" ind1="0" ind2=" ">
      <subfield code="i">In Beziehung stehende Ressource</subfield>
      <subfield code="z">9783844530285</subfield>
    </datafield>
    <datafield tag="850" ind1=" " ind2=" ">
      <subfield code="a">DE-101a</subfield>
      <subfield code="a">DE-101b</subfield>
    </datafield>
    <datafield tag="856" ind1="4" ind2="2">
      <subfield code="m">X:MVB</subfield>
      <subfield code="q">text/html</subfield>
      <subfield code="u">http://deposit.dnb.de/cgi-bin/dokserv?id=d4830cb107324fde8becbe2669a9a703&amp;prov=M&amp;dok_var=1&amp;dok_ext=htm</subfield>
      <subfield code="3">Inhaltstext</subfield>
    </datafield>
    <datafield tag="925" ind1="r" ind2=" ">
      <subfield code="a">ra</subfield>
    </datafield>
    <datafield tag="926" ind1="2" ind2=" ">
      <subfield code="a">F</subfield>
      <subfield code="o">93</subfield>
      <subfield code="q">Publisher</subfield>
      <subfield code="v">1.2</subfield>
      <subfield code="x">Belletristik und verwandte Gebiete</subfield>
    </datafield>
    <datafield tag="926" ind1="2" ind2=" ">
      <subfield code="a">FB</subfield>
      <subfield code="o">93</subfield>
      <subfield code="q">Publisher</subfield>
      <subfield code="v">1.2</subfield>
      <subfield code="x">Belletristik: allgemein und literarisch</subfield>
    </datafield>
    <datafield tag="926" ind1="2" ind2=" ">
      <subfield code="a">FJ</subfield>
      <subfield code="o">93</subfield>
      <subfield code="q">Publisher</subfield>
      <subfield code="v">1.2</subfield>
      <subfield code="x">Abenteuerromane</subfield>
    </datafield>
    <datafield tag="926" ind1="2" ind2=" ">
      <subfield code="a">1A</subfield>
      <subfield code="o">94</subfield>
      <subfield code="q">Publisher</subfield>
      <subfield code="v">1.2</subfield>
      <subfield code="x">Welt</subfield>
    </datafield>
    <datafield tag="926" ind1="2" ind2=" ">
      <subfield code="a">1D</subfield>
      <subfield code="o">94</subfield>
      <subfield code="q">Publisher</subfield>
      <subfield code="v">1.2</subfield>
      <subfield code="x">Europa</subfield>
    </datafield>
    <datafield tag="926" ind1="2" ind2=" ">
      <subfield code="a">1DN</subfield>
      <subfield code="o">94</subfield>
      <subfield code="q">Publisher</subfield>
      <subfield code="v">1.2</subfield>
      <subfield code="x">Nordeuropa, Skandinavien</subfield>
    </datafield>
    <datafield tag="926" ind1="2" ind2=" ">
      <subfield code="a">1DNS</subfield>
      <subfield code="o">94</subfield>
      <subfield code="q">Publisher</subfield>
      <subfield code="v">1.2</subfield>
      <subfield code="x">Schweden</subfield>
    </datafield>
    <datafield tag="926" ind1="2" ind2=" ">
      <subfield code="a">1F</subfield>
      <subfield code="o">94</subfield>
      <subfield code="q">Publisher</subfield>
      <subfield code="v">1.2</subfield>
      <subfield code="x">Asien</subfield>
    </datafield>
    <datafield tag="926" ind1="2" ind2=" ">
      <subfield code="a">1FM</subfield>
      <subfield code="o">94</subfield>
      <subfield code="q">Publisher</subfield>
      <subfield code="v">1.2</subfield>
      <subfield code="x">Südostasien</subfield>
    </datafield>
    <datafield tag="926" ind1="2" ind2=" ">
      <subfield code="a">1FMN</subfield>
      <subfield code="o">94</subfield>
      <subfield code="q">Publisher</subfield>
      <subfield code="v">1.2</subfield>
      <subfield code="x">Indonesien</subfield>
    </datafield>
    <datafield tag="926" ind1="2" ind2=" ">
      <subfield code="a">1FMNB</subfield>
      <subfield code="o">94</subfield>
      <subfield code="q">Publisher</subfield>
      <subfield code="v">1.2</subfield>
      <subfield code="x">Bali</subfield>
    </datafield>
    <datafield tag="926" ind1="2" ind2=" ">
      <subfield code="a">1FP</subfield>
      <subfield code="o">94</subfield>
      <subfield code="q">Publisher</subfield>
      <subfield code="v">1.2</subfield>
      <subfield code="x">Ostasien, Ferner Osten</subfield>
    </datafield>
    <datafield tag="926" ind1="2" ind2=" ">
      <subfield code="a">1FPK</subfield>
      <subfield code="o">94</subfield>
      <subfield code="q">Publisher</subfield>
      <subfield code="v">1.2</subfield>
      <subfield code="x">Korea</subfield>
    </datafield>
    <datafield tag="926" ind1="2" ind2=" ">
      <subfield code="a">1FPKN</subfield>
      <subfield code="o">94</subfield>
      <subfield code="q">Publisher</subfield>
      <subfield code="v">1.2</subfield>
      <subfield code="x">Nordkorea</subfield>
    </datafield>
    <datafield tag="926" ind1="2" ind2=" ">
      <subfield code="a">1H</subfield>
      <subfield code="o">94</subfield>
      <subfield code="q">Publisher</subfield>
      <subfield code="v">1.2</subfield>
      <subfield code="x">Afrika</subfield>
    </datafield>
    <datafield tag="926" ind1="2" ind2=" ">
      <subfield code="a">1HF</subfield>
      <subfield code="o">94</subfield>
      <subfield code="q">Publisher</subfield>
      <subfield code="v">1.2</subfield>
      <subfield code="x">Subsahara-Afrika</subfield>
    </datafield>
    <datafield tag="926" ind1="2" ind2=" ">
      <subfield code="a">1HFJ</subfield>
      <subfield code="o">94</subfield>
      <subfield code="q">Publisher</subfield>
      <subfield code="v">1.2</subfield>
      <subfield code="x">Zentralafrika</subfield>
    </datafield>
    <datafield tag="926" ind1="2" ind2=" ">
      <subfield code="a">1HFJC</subfield>
      <subfield code="o">94</subfield>
      <subfield code="q">Publisher</subfield>
      <subfield code="v">1.2</subfield>
      <subfield code="x">Kongo</subfield>
    </datafield>
    <datafield tag="926" ind1="2" ind2=" ">
      <subfield code="a">1HFJZ</subfield>
      <subfield code="o">94</subfield>
      <subfield code="q">Publisher</subfield>
      <subfield code="v">1.2</subfield>
      <subfield code="x">Demokratische Republik Kongo, Zaire</subfield>
    </datafield>
    <datafield tag="926" ind1="2" ind2=" ">
      <subfield code="a">1K</subfield>
      <subfield code="o">94</subfield>
      <subfield code="q">Publisher</subfield>
      <subfield code="v">1.2</subfield>
      <subfield code="x">Amerika</subfield>
    </datafield>
    <datafield tag="926" ind1="2" ind2=" ">
      <subfield code="a">1KB</subfield>
      <subfield code="o">94</subfield>
      <subfield code="q">Publisher</subfield>
      <subfield code="v">1.2</subfield>
      <subfield code="x">Nordamerika (USA und Kanada)</subfield>
    </datafield>
    <datafield tag="926" ind1="2" ind2=" ">
      <subfield code="a">1KBB</subfield>
      <subfield code="o">94</subfield>
      <subfield code="q">Publisher</subfield>
      <subfield code="v">1.2</subfield>
      <subfield code="x">Vereinigte Staaten von Amerika, USA</subfield>
    </datafield>
    <datafield tag="926" ind1="2" ind2=" ">
      <subfield code="a">1KBB-US-N</subfield>
      <subfield code="o">94</subfield>
      <subfield code="q">Publisher</subfield>
      <subfield code="v">1.2</subfield>
      <subfield code="x">USA Nordosten</subfield>
    </datafield>
    <datafield tag="926" ind1="2" ind2=" ">
      <subfield code="a">1KBB-US-NA</subfield>
      <subfield code="o">94</subfield>
      <subfield code="q">Publisher</subfield>
      <subfield code="v">1.2</subfield>
      <subfield code="x">USA Nordosten, Mid-Atlantic States</subfield>
    </datafield>
    <datafield tag="926" ind1="2" ind2=" ">
      <subfield code="a">1KBB-US-NAK</subfield>
      <subfield code="o">94</subfield>
      <subfield code="q">Publisher</subfield>
      <subfield code="v">1.2</subfield>
      <subfield code="x">New York</subfield>
    </datafield>
    <datafield tag="926" ind1="2" ind2=" ">
      <subfield code="a">1KBB-US-NAKC</subfield>
      <subfield code="o">94</subfield>
      <subfield code="q">Publisher</subfield>
      <subfield code="v">1.2</subfield>
      <subfield code="x">New York City</subfield>
    </datafield>
    <datafield tag="926" ind1="2" ind2=" ">
      <subfield code="a">3MRB</subfield>
      <subfield code="o">96</subfield>
      <subfield code="q">Publisher</subfield>
      <subfield code="v">1.2</subfield>
      <subfield code="x">erste Hälfte 21. Jahrhundert (2000 bis 2050 n. Chr.)</subfield>
    </datafield>
    <datafield tag="926" ind1="2" ind2=" ">
      <subfield code="a">3MRBF</subfield>
      <subfield code="o">96</subfield>
      <subfield code="q">Publisher</subfield>
      <subfield code="v">1.2</subfield>
      <subfield code="x">2010 bis 2019 n. Chr.</subfield>
    </datafield>
    <datafield tag="926" ind1="2" ind2=" ">
      <subfield code="a">FBA</subfield>
      <subfield code="o">93</subfield>
      <subfield code="q">Publisher</subfield>
      <subfield code="v">1.2</subfield>
      <subfield code="x">Moderne und zeitgenössische Belletristik</subfield>
    </datafield>
  </record>
